<?xml version="1.0" encoding="UTF-8"?><collection xmlns="http://www.loc.gov/MARC21/slim"><record><leader>00402nam--2200133-i-4500</leader><controlfield tag="001">000042655</controlfield><controlfield tag="002">20161230</controlfield><controlfield tag="005">20161230201043</controlfield><controlfield tag="008">060222s1000------------r-----000-0-eng-d</controlfield><datafield ind1=" " ind2=" " tag="080"><subfield code="a">621.182.1.003</subfield></datafield><datafield ind1=" " ind2=" " tag="100"><subfield code="a">Stanisavlievici,Louis</subfield></datafield><datafield ind1=" " ind2=" " tag="245"><subfield code="a">Aspecte economce si tehnice actuale privind conditionarea apeni pentru cazane</subfield></datafield><datafield ind1=" " ind2=" " tag="260"><subfield code="a">Bucuresti, Inst.Central De Docum.Tehnica, 1971. 67 P</subfield></datafield><datafield ind1=" " ind2=" " tag="852"><subfield code="a">45503</subfield></datafield></record></collection>